@incollection{bress2014gpu,
  title={Gpu-accelerated database systems: Survey and open challenges},
  author={Bre{\ss}, Sebastian and Heimel, Max and Siegmund, Norbert and Bellatreche, Ladjel and Saake, Gunter},
  booktitle={Transactions on Large-Scale Data-and Knowledge-Centered Systems XV},
  pages={1--35},
  year={2014},
  publisher={Springer}
}
